@article{EEWDARCW:2023-03
    author    = {James, RaphaÃ«l and Bezerianos, Anastasia and Chapuis, Olivier},
    title     = {Evaluating the Extension of Wall Displays with AR for Collaborative Work},
    publisher = {HAL},
    date      = {2023-03-01},
    doi       = {10.1145/3544548.3580752},
    hal-id    = {hal-04010673}
}
